@article{process-mining-state-of-the-art,
	title={{Mining Process Models from Natural Language Text: A State-of-the-Art Analysis}},
	author={Riefer, Maximilian and Ternis, Simon Felix and Thaler, Tom},
	journal={Multikonferenz Wirtschaftsinformatik (MKWI-16)},
	year={2016},
	month={March}
}

@article{mining-group-stories,
	author = {Flavia Maria Santoro and Joao Carlos Goncalves and Fernanda Araujo Baiao},
	title = {{Business process mining from group stories}},
	journal = {International Conference on Computer Supported Cooperative Work in Design},
	year = {2009}
}

@article{penntreebank-1990,
	title={{Part-of-speech tagging guidelines for the Penn Treebank Project (3rd revision)}},
	author={Santorini, Beatrice},
	year={1990}
}

@article{penntreebank-1993,
	title={{Building a large annotated corpus of English: The Penn Treebank}},
	author={Marcus, Mitchell P and Marcinkiewicz, Mary Ann and Santorini, Beatrice},
	journal={Computational linguistics},
	volume={19},
	number={2},
	pages={313-330},
	year={1993},
	publisher={MIT Press}
}

@article{word-net,
	author = {Miller, George A.},
	title = {{WordNet: A Lexical Database for English}},
	journal={Communications of the ACM},
	volume = {38},
	number = {11},
	year = {1995},
	month = {November},
	pages = {39-41},
	publisher = {ACM},
	address = {New York, NY, USA},
}

@article{pm-best-practices,
	author={Mendling, Jan and Reijers, Hajo A and van der Aalst, Wil MP},
	title = {{Seven Process Modeling Guidelines (7PMG)}},
	journal={Information and Software Technology},
	volume = {52},
	number = {2},
	month = {February},
	year = {2010},
	pages = {127-136},
	numpages = {10},
	publisher={Elsevier}
}

@article{latva-metric,
	title={Finding a complexity measure for business process models},
	author={Latva-Koivisto, Antti},
	year={2001},
	publisher={Citeseer}
}

@article{sanchez-metric,
	title={Prediction of business process model quality based on structural metrics},
	author={S{\'a}nchez-Gonz{\'a}lez, Laura and Garc{\'\i}a, F{\'e}lix and Mendling, Jan and Ruiz, Francisco and Piattini, Mario},
	journal={Conceptual Modeling--ER 2010},
	pages={458--463},
	year={2010},
	publisher={Springer}
}

@article{anaphora-kotek,
	title={Resolving complement anaphora},
	author={Kotek, Hadas},
	year={2008}
}

@book{white-bpmn-reference-guide,
	title={{BPMN modeling and reference guide: understanding and using BPMN}},
	author={White, Stephen A},
	year={2008},
	publisher={Future Strategies Inc.}
}

@book{praxishandbuch,
	title={{Praxishandbuch BPMN 2.0}},
	author={Freund, Jakob and R{\"u}cker, Bernd},
	year={2014},
	publisher={Carl Hanser Verlag GmbH Co KG}
}

@incollection{yue-2010,
	author = {Yue, Tao and Briand, Lionel C. and Labiche, Yvan},
	title = {{An Automated Approach to Transform Use Cases into Activity Diagrams}},
	booktitle = {Proceedings of the 6th European Conference on Modelling Foundations and Applications},
	year = {2010},
	pages = {337-353},
	numpages = {17},
	publisher = {Springer-Verlag}
}

@inproceedings{from-nl-to-model-via-sbvr,
	author={Njonko, Paul Brillant Feuto and El Abed, Walid },
	title={{From natural language business requirements to executable models via SBVR}},
	booktitle={Systems and Informatics (ICSAI), 2012 International Conference on},
	year={2012},
	pages={2453-2457},
}

@inproceedings{proces-from-text-artefacts,
	author={Ghose, Aditya and Koliadis, George and Chueng, Arthur},
	booktitle={2007 IEEE Congress on Services},
	title={{Process Discovery from Model and Text Artefacts}},
	year={2007},
	pages={167-174},
	month={July}
}

@inproceedings{friedrich-2011,
	author    = {Friedrich, Fabian and Mendling, Jan and Puhlmann, Frank},
	title     = {{Process Model Generation from Natural Language Text}},
	booktitle = {Proceedings of the 23rd International Conference on Advanced Information Systems Engineering},
	year      = {2011},
	pages = {482-496},
	numpages = {15},
	publisher = {Springer-Verlag}
}

@inproceedings{proces-from-textual-methodologies,
	author={Epure, Elena Viorica and Martín-Rodilla, Patricia and Hug, Charlotte and Deneckère, Rebecca and Salinesi, Camille},
	booktitle={2015 IEEE 9th International Conference on Research Challenges in Information Science (RCIS)},
	title={{Automatic process model discovery from textual methodologies}},
	year={2015},
	pages={19-30},
	month={May}
}

@inproceedings{penntreebank-1994,
	title={{The Penn Treebank: annotating predicate argument structure}},
	author={Marcus, Mitchell and Kim, Grace and Marcinkiewicz, Mary Ann and MacIntyre, Robert and Bies, Ann and Ferguson, Mark and Katz, Karen and Schasberger, Britta},
	booktitle={Proceedings of the workshop on Human Language Technology},
	pages={114-119},
	year={1994},
	organization={Association for Computational Linguistics}
}

@inproceedings{ontnotes-2006,
	author = {Hovy, Eduard and Marcus, Mitchell and Palmer, Martha and Ramshaw, Lance and Weischedel, Ralph},
	title = {{OntoNotes: The 90\% Solution}},
	booktitle = {Proceedings of the Human Language Technology Conference of the NAACL, Companion Volume: Short Papers},
	series = {NAACL-Short '06},
	year = {2006},
	location = {New York, New York},
	pages = {57-60},
	numpages = {4},
	publisher = {Association for Computational Linguistics}
}

@inproceedings{kluza-spreadsheet,
	author={Kluza, Krzysztof and Wiśniewski, Piotr},
	booktitle={2016 Federated Conference on Computer Science and Information Systems (FedCSIS)},
	title={{Spreadsheet-based Business Process modeling}},
	year={2016},
	pages={1355-1358},
	month={Sept},
}

@incollection{kluza-metrics,
	title={Square complexity metrics for business process models},
	author={Kluza, Krzysztof and Nalepa, Grzegorz J and Lisiecki, Janusz},
	booktitle={Advances in Business ICT},
	pages={89--107},
	year={2014},
	publisher={Springer}
}

@inproceedings{bpmn-stats,
	title={{How much language is enough? Theoretical and practical use of the business process modeling notation}},
	author={Zur Muehlen, Michael and Recker, Jan},
	booktitle={International Conference on Advanced Information Systems Engineering},
	pages={465-479},
	year={2008},
	organization={Springer}
}

@inproceedings{cardoso-metrics,
	title={A discourse on complexity of process models},
	author={Cardoso, Jorge and Mendling, Jan and Neumann, Gustaf and Reijers, Hajo A},
	booktitle={International Conference on Business Process Management},
	pages={117--128},
	year={2006},
	organization={Springer}
}

@inproceedings{anaphora-hale,
	title={A statistical approach to anaphora resolution},
	author={Ge, Niyu and Hale, John and Charniak, Eugene},
	booktitle={Proceedings of the sixth workshop on very large corpora},
	volume={71},
	pages={76},
	year={1998}
}

@inproceedings{sbvr-automat,
	title={Automated transformation of business rules into business processes},
	author={Tantan, Olfa Chourabi and Akoka, Jacky},
	booktitle={Proceedings of the Twenty-Sixth International Conference on Software Engineering and Knowledge Engineering},
	pages={684--687},
	year={2014}
}

@techreport{BPMN20,
	author = {},
	institution = {Object Management Group (OMG)},
	title = {{Business Process Model and Notation (BPMN) Version 2.0}},
	year = {2011},
	url = {http://www.omg.org/spec/BPMN/2.0/}
}

@techreport{SBVR13,
	author = {},
	institution = {Object Management Group (OMG)},
	title = {{Semantics of Business Vocabulary and Business Rules (SBVR). Version 1.3: Formal Specification}},
	url = {http://www.omg.org/spec/SBVR/1.3/},
	year = {2015}
}

@techreport{OntoNotes5,
	author = {Weischedel, Ralph and Palmer, Martha and Marcus, Mitchell and Hovy, Eduard and Pradhan, Sameer and Ramshaw, Lance and Xue, Nianwen and Taylor, Ann and Kaufman, Jeff and Franchini, Michelle and El-Bachouti, Mohammed and Belvin, Robert and Houston, Ann},
	institution = {Linguistic Data Consortium},
	title = {{OntoNotes Release 5.0}},
	year = {2013},
	url = {https://catalog.ldc.upenn.edu/docs/LDC2013T19/OntoNotes-Release-5.0.pdf}
}

@techreport{ClearNLP,
	author={Choi, Jinho D and Palmer, Martha},
	title = {{Guidelines for the Clear Style Constituent to Dependency Conversion}},
	journal={Technical Report 01--12},
	year={2012},
	institution = {University of Colorado Boulder, Institute of Cognitive Science},
	publisher={University of Colorado at Boulder},
	url = {http://www.mathcs.emory.edu/~choi/doc/clear-dependency-2012.pdf}
}